%% This BibTeX bibliography file was created using BibDesk.
%% http://bibdesk.sourceforge.net/


%% Created for leftynm at 2011-04-21 15:34:02 -0400 


%% Saved with string encoding Unicode (UTF-8) 



@misc{VideoLecture,
	Abstract = {This graduate-level course is a continuation of Computational Science and Engineering I. Topics include numerical methods; initial-value problems; network flows; and optimization.},
	Author = {Gilbert Strang},
	Class = {Mathmatical Methods for Engineers II (18.086)},
	Date-Added = {2011-04-21 15:18:21 -0400},
	Date-Modified = {2011-04-21 15:34:00 -0400},
	Howpublished = {http://academicearth.org/lectures/conjugate-gradient-method},
	Publisher = {MIT OpenCourseWare},
	School = {MIT},
	Title = {Conjugate Gradient Method (Lecture 19)},
	Url = {http://academicearth.org/lectures/conjugate-gradient-method},
	Urldate = {4-20-11}}

@book{Trefethen97,
	Author = {Lloyd N. Trefethen and David Bau III},
	Date-Added = {2011-04-18 17:14:46 -0400},
	Date-Modified = {2011-04-18 17:15:49 -0400},
	Isbn = {0898713617},
	Publisher = {Society for Industrial Mathematics},
	Title = {{Numerical Linear Algebra}},
	Year = {1997},
	Bdsk-File-1 = {YnBsaXN0MDDUAQIDBAUIJidUJHRvcFgkb2JqZWN0c1gkdmVyc2lvblkkYXJjaGl2ZXLRBgdUcm9vdIABqAkKFRYXGyIjVSRudWxs0wsMDQ4RFFpOUy5vYmplY3RzV05TLmtleXNWJGNsYXNzog8QgASABqISE4ACgAOAB1lhbGlhc0RhdGFccmVsYXRpdmVQYXRo0hgNGRpXTlMuZGF0YU8RAfwAAAAAAfwAAgAADE1hY2ludG9zaCBIRAAAAAAAAAAAAAAAAAAAAMkAL5VIKwAAAEGYhB1OdW1lcmljYWwgTGluZWFyIEFsZ2VicmEuanBlZwAAAAAAAAAAAAAAAAAAAAAAAAAAAAAAAAAAAAAAAAAAAAAARdEeydIiWwAAAAAAAAAAAAEAAgAACSAAAAAAAAAAAAAAAAAAAAACQ0cAEAAIAADJAHXlAAAAEQAIAADJ0lqbAAAAAQAcAEGYhAAUjrcAFIx1ABCiEgAOSwgADkr6AACS6wACAF9NYWNpbnRvc2ggSEQ6VXNlcnM6bGVmdHlubTpEZXNrdG9wOlJlc2VhcmNoOlBhcGVyczpNeSBXcml0aW5nczpDRzpOdW1lcmljYWwgTGluZWFyIEFsZ2VicmEuanBlZwAADgA8AB0ATgB1AG0AZQByAGkAYwBhAGwAIABMAGkAbgBlAGEAcgAgAEEAbABnAGUAYgByAGEALgBqAHAAZQBnAA8AGgAMAE0AYQBjAGkAbgB0AG8AcwBoACAASABEABIAUlVzZXJzL2xlZnR5bm0vRGVza3RvcC9SZXNlYXJjaC9QYXBlcnMvTXkgV3JpdGluZ3MvQ0cvTnVtZXJpY2FsIExpbmVhciBBbGdlYnJhLmpwZWcAEwABLwAAFQACAA7//wAAgAXSHB0eH1gkY2xhc3Nlc1okY2xhc3NuYW1lox8gIV1OU011dGFibGVEYXRhVk5TRGF0YVhOU09iamVjdF8QHU51bWVyaWNhbCBMaW5lYXIgQWxnZWJyYS5qcGVn0hwdJCWiJSFcTlNEaWN0aW9uYXJ5EgABhqBfEA9OU0tleWVkQXJjaGl2ZXIACAARABYAHwAoADIANQA6ADwARQBLAFIAXQBlAGwAbwBxAHMAdgB4AHoAfACGAJMAmACgAqACogKnArACuwK/As0C1ALdAv0DAgMFAxIDFwAAAAAAAAIBAAAAAAAAACgAAAAAAAAAAAAAAAAAAAMp}}

@article{CG1952,
	Abstract = {An iterative algorithm is given for solving a system Ax=k of n linear equations in n unknowns. The solution is given in n steps. It is shown that this method is a special case of a very general method which also includes Gaussian elimination. These general algorithms are essentially algorithms for finding an n dimensional ellipsoid. Connections are made with the theory of orthogonal polynomials and continued fractions.},
	Author = {Magnus R. Hestenes and Eduard Stiefel},
	Date-Added = {2011-04-11 16:07:20 -0400},
	Date-Modified = {2011-04-11 16:13:01 -0400},
	Journal = {Journal of Research of the National Bureau of Standards},
	Month = {December},
	Number = {6},
	Pages = {409-436},
	Title = {{Methods of Conjugate Gradients for Solving Linear Systems}},
	Volume = {49},
	Year = {1952},
	Bdsk-File-1 = {YnBsaXN0MDDUAQIDBAUIJidUJHRvcFgkb2JqZWN0c1gkdmVyc2lvblkkYXJjaGl2ZXLRBgdUcm9vdIABqAkKFRYXGyIjVSRudWxs0wsMDQ4RFFpOUy5vYmplY3RzV05TLmtleXNWJGNsYXNzog8QgASABqISE4ACgAOAB1lhbGlhc0RhdGFccmVsYXRpdmVQYXRo0hgNGRpXTlMuZGF0YU8RAswAAAAAAswAAgAADE1hY2ludG9zaCBIRAAAAAAAAAAAAAAAAAAAAMkAL5VIKwAAAEAFth9IZXN0ZW5lcyBhbmQgU3RpZWZlbCMzRjQ2QTMucGRmAAAAAAAAAAAAAAAAAAAAAAAAAAAAAAAAAAAAAAAAAAAAP0ajyXBaZwAAAAAAAAAAAAIAAgAACSAAAAAAAAAAAAAAAAAAAAASQ29uanVnYXRlIEdyYWRpZW50ABAACAAAyQB15QAAABEACAAAyXCgtwAAAAEAGABABbYAFIx1ABCiEgAOSwgADkr6AACS6wACAGVNYWNpbnRvc2ggSEQ6VXNlcnM6bGVmdHlubTpEZXNrdG9wOlJlc2VhcmNoOlBhcGVyczpDb25qdWdhdGUgR3JhZGllbnQ6SGVzdGVuZXMgYW5kIFN0aWVmZWwjM0Y0NkEzLnBkZgAADgC4AFsASABlAHMAdABlAG4AZQBzACAAYQBuAGQAIABTAHQAaQBlAGYAZQBsACAALQAgADEAOQA1ADIAIAAtACAATQBlAHQAaABvAGQAcwAgAG8AZgAgAEMAbwBuAGoAdQBnAGEAdABlACAARwByAGEAZABpAGUAbgB0AHMAIABmAG8AcgAgAFMAbwBsAHYAaQBuAGcAIABMAGkAbgBlAGEAcgAgAFMAeQBzAHQAZQBtAHMALgBwAGQAZgAPABoADABNAGEAYwBpAG4AdABvAHMAaAAgAEgARAASAJRVc2Vycy9sZWZ0eW5tL0Rlc2t0b3AvUmVzZWFyY2gvUGFwZXJzL0Nvbmp1Z2F0ZSBHcmFkaWVudC9IZXN0ZW5lcyBhbmQgU3RpZWZlbCAtIDE5NTIgLSBNZXRob2RzIG9mIENvbmp1Z2F0ZSBHcmFkaWVudHMgZm9yIFNvbHZpbmcgTGluZWFyIFN5c3RlbXMucGRmABMAAS8AABUAAgAO//8AAIAF0hwdHh9YJGNsYXNzZXNaJGNsYXNzbmFtZaMfICFdTlNNdXRhYmxlRGF0YVZOU0RhdGFYTlNPYmplY3RfEHQuLi8uLi9Db25qdWdhdGUgR3JhZGllbnQvSGVzdGVuZXMgYW5kIFN0aWVmZWwgLSAxOTUyIC0gTWV0aG9kcyBvZiBDb25qdWdhdGUgR3JhZGllbnRzIGZvciBTb2x2aW5nIExpbmVhciBTeXN0ZW1zLnBkZtIcHSQloiUhXE5TRGljdGlvbmFyeRIAAYagXxAPTlNLZXllZEFyY2hpdmVyAAgAEQAWAB8AKAAyADUAOgA8AEUASwBSAF0AZQBsAG8AcQBzAHYAeAB6AHwAhgCTAJgAoANwA3IDdwOAA4sDjwOdA6QDrQQkBCkELAQ5BD4AAAAAAAACAQAAAAAAAAAoAAAAAAAAAAAAAAAAAAAEUA==}}
