%% This BibTeX bibliography file was created using BibDesk.
%% http://bibdesk.sourceforge.net/


%% Created for leftynm at 2011-11-23 17:25:25 -0500 


%% Saved with string encoding Unicode (UTF-8) 



@article{Lipnikov2004,
	Abstract = {
Mimetic discretizations based on the support-operators methodology are derived for non-orthogonal locally refined quadrilateral meshes. The second-order convergence rate on non-smooth meshes is verified with numerical examples.},
	Author = {Konstantin Lipnikov and Jim Morel and Mikhail Shashkov},
	Date-Added = {2011-06-07 15:50:42 -0400},
	Date-Modified = {2011-06-07 15:51:09 -0400},
	Doi = {DOI: 10.1016/j.jcp.2004.02.016},
	Issn = {0021-9991},
	Journal = {Journal of Computational Physics},
	Keywords = {Diffusion equation},
	Number = {2},
	Pages = {589 - 597},
	Title = {Mimetic Finite Difference Methods for Diffusion Equations on Non-Orthogonal Non-Conformal Meshes},
	Url = {http://www.sciencedirect.com/science/article/B6WHY-4C2NJXR-1/2/53a63239adb05117a4fd4b5296cfe7ce},
	Volume = {199},
	Year = {2004},
	Bdsk-File-1 = {YnBsaXN0MDDUAQIDBAUIJidUJHRvcFgkb2JqZWN0c1gkdmVyc2lvblkkYXJjaGl2ZXLRBgdUcm9vdIABqAkKFRYXGyIjVSRudWxs0wsMDQ4RFFpOUy5vYmplY3RzV05TLmtleXNWJGNsYXNzog8QgASABqISE4ACgAOAB1lhbGlhc0RhdGFccmVsYXRpdmVQYXRo0hgNGRpXTlMuZGF0YU8RAwYAAAAAAwYAAgAADE1hY2ludG9zaCBIRAAAAAAAAAAAAAAAAAAAAMkAL5VIKwAAABSSQR9MaXBuaWtvdiAtIDIwMDQgLSBNaSMzN0Y4MzYucGRmAAAAAAAAAAAAAAAAAAAAAAAAAAAAAAAAAAAAAAAAAAAAN/g2yBc3XAAAAAAAAAAAAAIAAgAACSAAAAAAAAAAAAAAAAAAAAAKUG9zdFByZWxpbQAQAAgAAMkAdeUAAAARAAgAAMgXb5wAAAABABgAFJJBABSMdQAQohIADksIAA5K+gAAkusAAgBdTWFjaW50b3NoIEhEOlVzZXJzOmxlZnR5bm06RGVza3RvcDpSZXNlYXJjaDpQYXBlcnM6UG9zdFByZWxpbTpMaXBuaWtvdiAtIDIwMDQgLSBNaSMzN0Y4MzYucGRmAAAOAO4AdgBMAGkAcABuAGkAawBvAHYAIAAtACAAMgAwADAANAAgAC0AIABNAGkAbQBlAHQAaQBjACAARgBpAG4AaQB0AGUAIABEAGkAZgBmAGUAcgBlAG4AYwBlACAATQBlAHQAaABvAGQAcwAgAGYAbwByACAARABpAGYAZgB1AHMAaQBvAG4AIABFAHEAdQBhAHQAaQBvAG4AcwAgAG8AbgAgAE4AbwBuAC0ATwByAHQAaABvAGcAbwBuAGEAbAAgAE4AbwBuAC0AQwBvAG4AZgBvAHIAbQBhAGwAIABNAGUAcwBoAGUAcwAuAHAAZABmAA8AGgAMAE0AYQBjAGkAbgB0AG8AcwBoACAASABEABIAp1VzZXJzL2xlZnR5bm0vRGVza3RvcC9SZXNlYXJjaC9QYXBlcnMvUG9zdFByZWxpbS9MaXBuaWtvdiAtIDIwMDQgLSBNaW1ldGljIEZpbml0ZSBEaWZmZXJlbmNlIE1ldGhvZHMgZm9yIERpZmZ1c2lvbiBFcXVhdGlvbnMgb24gTm9uLU9ydGhvZ29uYWwgTm9uLUNvbmZvcm1hbCBNZXNoZXMucGRmAAATAAEvAAAVAAIADv//AACABdIcHR4fWCRjbGFzc2VzWiRjbGFzc25hbWWjHyAhXU5TTXV0YWJsZURhdGFWTlNEYXRhWE5TT2JqZWN0XxCHLi4vLi4vUG9zdFByZWxpbS9MaXBuaWtvdiAtIDIwMDQgLSBNaW1ldGljIEZpbml0ZSBEaWZmZXJlbmNlIE1ldGhvZHMgZm9yIERpZmZ1c2lvbiBFcXVhdGlvbnMgb24gTm9uLU9ydGhvZ29uYWwgTm9uLUNvbmZvcm1hbCBNZXNoZXMucGRm0hwdJCWiJSFcTlNEaWN0aW9uYXJ5EgABhqBfEA9OU0tleWVkQXJjaGl2ZXIACAARABYAHwAoADIANQA6ADwARQBLAFIAXQBlAGwAbwBxAHMAdgB4AHoAfACGAJMAmACgA6oDrAOxA7oDxQPJA9cD3gPnBHEEdgR5BIYEiwAAAAAAAAIBAAAAAAAAACgAAAAAAAAAAAAAAAAAAASd}}

@article{Morel1998,
	Abstract = {We derive a cell-centered 2-D diffusion differencing scheme for arbitrary quadri- lateral meshes in r-z geometry using a local support-operators method. Our method is said to be local because it yields a sparse matrix representation for the diffusion equation, whereas the traditional support-operators method yields a dense matrix representation. The diffusion discretization scheme that we have developed offers several advantages relative to existing schemes. Most importantly, it offers second- order accuracy even on meshes that are not smooth, rigorously treats material discon- tinuities, and has a symmetric positive-definite coefficient matrix. The only disad- vantage of the method is that it has both cell-center and face-center scalar unknowns as opposed to just cell-center scalar unknowns. Computational examples are given which demonstrate the accuracy and cost of the new scheme relative to existing schemes.},
	Annote = {Very useful paper; gives steps for support-operator},
	Author = {Jim E. Morel and Randy M. Roberts and Mikhail J. Shashkov},
	Date-Added = {2010-12-01 11:11:48 -0500},
	Date-Modified = {2010-12-24 15:34:43 -0500},
	Journal = {Journal of Computational Physics},
	Month = {January},
	Number = {1},
	Pages = {17-51},
	Publisher = {Citeseer},
	Title = {A Local Support-Operators Diffusion Discretization Scheme for Quadrilateral r-z Meshes},
	Volume = {144},
	Year = {1998},
	Bdsk-File-1 = {YnBsaXN0MDDUAQIDBAUIJidUJHRvcFgkb2JqZWN0c1gkdmVyc2lvblkkYXJjaGl2ZXLRBgdUcm9vdIABqAkKFRYXGyIjVSRudWxs0wsMDQ4RFFpOUy5vYmplY3RzV05TLmtleXNWJGNsYXNzog8QgASABqISE4ACgAOAB1lhbGlhc0RhdGFccmVsYXRpdmVQYXRo0hgNGRpXTlMuZGF0YU8RAt4AAAAAAt4AAgAADE1hY2ludG9zaCBIRAAAAAAAAAAAAAAAAAAAAMkAL5VIKwAAABSSQR9Nb3JlbCAtIDE5OTggLSBBIExvIzEwNDFFMzUucGRmAAAAAAAAAAAAAAAAAAAAAAAAAAAAAAAAAAAAAAAAAAABBB41yCWqnAAAAAAAAAAAAAIAAgAACSAAAAAAAAAAAAAAAAAAAAAKUG9zdFByZWxpbQAQAAgAAMkAdeUAAAARAAgAAMgl4twAAAABABgAFJJBABSMdQAQohIADksIAA5K+gAAkusAAgBdTWFjaW50b3NoIEhEOlVzZXJzOmxlZnR5bm06RGVza3RvcDpSZXNlYXJjaDpQYXBlcnM6UG9zdFByZWxpbTpNb3JlbCAtIDE5OTggLSBBIExvIzEwNDFFMzUucGRmAAAOANQAaQBNAG8AcgBlAGwAIAAtACAAMQA5ADkAOAAgAC0AIABBACAATABvAGMAYQBsACAAUwB1AHAAcABvAHIAdAAtAE8AcABlAHIAYQB0AG8AcgBzACAARABpAGYAZgB1AHMAaQBvAG4AIABEAGkAcwBjAHIAZQB0AGkAegBhAHQAaQBvAG4AIABTAGMAaABlAG0AZQAgAGYAbwByACAAUQB1AGEAZAByAGkAbABhAHQAZQByAGEAbAAgAHIALQB6ACAATQBlAHMAaABlAHMALgBwAGQAZgAPABoADABNAGEAYwBpAG4AdABvAHMAaAAgAEgARAASAJpVc2Vycy9sZWZ0eW5tL0Rlc2t0b3AvUmVzZWFyY2gvUGFwZXJzL1Bvc3RQcmVsaW0vTW9yZWwgLSAxOTk4IC0gQSBMb2NhbCBTdXBwb3J0LU9wZXJhdG9ycyBEaWZmdXNpb24gRGlzY3JldGl6YXRpb24gU2NoZW1lIGZvciBRdWFkcmlsYXRlcmFsIHIteiBNZXNoZXMucGRmABMAAS8AABUAAgAO//8AAIAF0hwdHh9YJGNsYXNzZXNaJGNsYXNzbmFtZaMfICFdTlNNdXRhYmxlRGF0YVZOU0RhdGFYTlNPYmplY3RfEHouLi8uLi9Qb3N0UHJlbGltL01vcmVsIC0gMTk5OCAtIEEgTG9jYWwgU3VwcG9ydC1PcGVyYXRvcnMgRGlmZnVzaW9uIERpc2NyZXRpemF0aW9uIFNjaGVtZSBmb3IgUXVhZHJpbGF0ZXJhbCByLXogTWVzaGVzLnBkZtIcHSQloiUhXE5TRGljdGlvbmFyeRIAAYagXxAPTlNLZXllZEFyY2hpdmVyAAgAEQAWAB8AKAAyADUAOgA8AEUASwBSAF0AZQBsAG8AcQBzAHYAeAB6AHwAhgCTAJgAoAOCA4QDiQOSA50DoQOvA7YDvwQ8BEEERARRBFYAAAAAAAACAQAAAAAAAAAoAAAAAAAAAAAAAAAAAAAEaA==}}

@article{Hyman1998,
	Abstract = {
The numerical solution of partial differential equations solved with finite-difference approximations that mimic the symmetry properties of the continuum differential operators and satisfy discrete versions of the appropriate integral identities are more likely to produce physically faithful results. Furthermore, those properties are often needed when using the energy method to prove convergence and stability of a particular difference approximation. Unless special care is taken, mimetic difference approximations derived for the interior grid points will fail to preserve the symmetries and identities between the gradient, curl, and divergence operators at the computational boundary. In this paper, we describe how to incorporate boundary conditions into finite-difference methods so the resulting approximations mimic the identities for the differential operators of vector and tensor calculus. The approach is valid for a wide class of partial differential equations of mathematical physics and will be described for Poisson's equation with Dirichlet, Neumann, and Robin boundary conditions. We prove that the resulting difference approximation is symmetric and positive definite for each of these boundary conditions.},
	Annote = {Discusses BC and discretization of heat equation in depth},
	Author = {James M. Hyman and Mikhail J. Shashkov},
	Date-Added = {2010-11-30 16:53:18 -0500},
	Date-Modified = {2010-11-30 16:53:18 -0500},
	Doi = {10.1016/S0898-1221(98)00152-7},
	Issn = {0898-1221},
	Journal = {Computers \& Mathematics with Applications},
	Keywords = {Finite-difference, Logically-rectangular grids, discrete vector analysis, Boundary conditions},
	Number = {5},
	Pages = {79 - 99},
	Title = {Approximation of Boundary Conditions for Mimetic Finite-Difference Methods},
	Volume = {36},
	Year = {1998},
	Bdsk-File-1 = {YnBsaXN0MDDUAQIDBAUIJidUJHRvcFgkb2JqZWN0c1gkdmVyc2lvblkkYXJjaGl2ZXLRBgdUcm9vdIABqAkKFRYXGyIjVSRudWxs0wsMDQ4RFFpOUy5vYmplY3RzV05TLmtleXNWJGNsYXNzog8QgASABqISE4ACgAOAB1lhbGlhc0RhdGFccmVsYXRpdmVQYXRo0hgNGRpXTlMuZGF0YU8RAroAAAAAAroAAgAADE1hY2ludG9zaCBIRAAAAAAAAAAAAAAAAAAAAMkAL5VIKwAAABSSQR9IeW1hbiAtIDE5OTggLSBBcHBybyMxNDkyQ0EucGRmAAAAAAAAAAAAAAAAAAAAAAAAAAAAAAAAAAAAAAAAAAAAFJLKyDQRrgAAAAAAAAAAAAIAAgAACSAAAAAAAAAAAAAAAAAAAAAKUG9zdFByZWxpbQAQAAgAAMkAdeUAAAARAAgAAMg0Se4AAAABABgAFJJBABSMdQAQohIADksIAA5K+gAAkusAAgBdTWFjaW50b3NoIEhEOlVzZXJzOmxlZnR5bm06RGVza3RvcDpSZXNlYXJjaDpQYXBlcnM6UG9zdFByZWxpbTpIeW1hbiAtIDE5OTggLSBBcHBybyMxNDkyQ0EucGRmAAAOALwAXQBIAHkAbQBhAG4AIAAtACAAMQA5ADkAOAAgAC0AIABBAHAAcAByAG8AeABpAG0AYQB0AGkAbwBuACAAbwBmACAAQgBvAHUAbgBkAGEAcgB5ACAAQwBvAG4AZABpAHQAaQBvAG4AcwAgAGYAbwByACAATQBpAG0AZQB0AGkAYwAgAEYAaQBuAGkAdABlAC0ARABpAGYAZgBlAHIAZQBuAGMAZQAgAE0AZQB0AGgAbwBkAHMALgBwAGQAZgAPABoADABNAGEAYwBpAG4AdABvAHMAaAAgAEgARAASAI5Vc2Vycy9sZWZ0eW5tL0Rlc2t0b3AvUmVzZWFyY2gvUGFwZXJzL1Bvc3RQcmVsaW0vSHltYW4gLSAxOTk4IC0gQXBwcm94aW1hdGlvbiBvZiBCb3VuZGFyeSBDb25kaXRpb25zIGZvciBNaW1ldGljIEZpbml0ZS1EaWZmZXJlbmNlIE1ldGhvZHMucGRmABMAAS8AABUAAgAO//8AAIAF0hwdHh9YJGNsYXNzZXNaJGNsYXNzbmFtZaMfICFdTlNNdXRhYmxlRGF0YVZOU0RhdGFYTlNPYmplY3RfEG4uLi8uLi9Qb3N0UHJlbGltL0h5bWFuIC0gMTk5OCAtIEFwcHJveGltYXRpb24gb2YgQm91bmRhcnkgQ29uZGl0aW9ucyBmb3IgTWltZXRpYyBGaW5pdGUtRGlmZmVyZW5jZSBNZXRob2RzLnBkZtIcHSQloiUhXE5TRGljdGlvbmFyeRIAAYagXxAPTlNLZXllZEFyY2hpdmVyAAgAEQAWAB8AKAAyADUAOgA8AEUASwBSAF0AZQBsAG8AcQBzAHYAeAB6AHwAhgCTAJgAoANeA2ADZQNuA3kDfQOLA5IDmwQMBBEEFAQhBCYAAAAAAAACAQAAAAAAAAAoAAAAAAAAAAAAAAAAAAAEOA==}}

@article{Hyman2002,
	Abstract = {This paper reviews and extends the theory and application of mimetic finite difference methods for the solution of diffusion problems in strongly heterogeneous anisotropic materials. These difference operators satisfy the fundamental identities, conservation laws and theorems of vector and tensor calculus on nonorthogonal, nonsmooth, structured and unstructured computational grids. We provide explicit approximations for equations in two dimensions with discontinuous anisotropic diffusion tensors. We mention the similarities and differences between the new methods and mixed finite element or hybrid mixed finite element methods.},
	Author = {James M. Hyman and Jim E. Morel and Mikhail J. Shashkov and S. Steinberg},
	Date-Added = {2010-11-30 16:53:18 -0500},
	Date-Modified = {2010-11-30 16:53:18 -0500},
	Journal = {Computational Geosciences},
	Keywords = {diffusion equations, locally conservative method, mimetic discretizations},
	Month = {September},
	Number = {3-4},
	Pages = {333-325},
	Title = {Mimetic Finite Difference Methods for Diffusion Equations},
	Volume = {6},
	Year = {2002},
	Bdsk-File-1 = {YnBsaXN0MDDUAQIDBAUIJidUJHRvcFgkb2JqZWN0c1gkdmVyc2lvblkkYXJjaGl2ZXLRBgdUcm9vdIABqAkKFRYXGyIjVSRudWxs0wsMDQ4RFFpOUy5vYmplY3RzV05TLmtleXNWJGNsYXNzog8QgASABqISE4ACgAOAB1lhbGlhc0RhdGFccmVsYXRpdmVQYXRo0hgNGRpXTlMuZGF0YU8RAogAAAAAAogAAgAADE1hY2ludG9zaCBIRAAAAAAAAAAAAAAAAAAAAMkAL5VIKwAAABSSQR9IeW1hbiAtIDIwMDIgLSBNaW1ldCMzN0Q1OUYucGRmAAAAAAAAAAAAAAAAAAAAAAAAAAAAAAAAAAAAAAAAAAAAN9WfyCBvHAAAAAAAAAAAAAIAAgAACSAAAAAAAAAAAAAAAAAAAAAKUG9zdFByZWxpbQAQAAgAAMkAdeUAAAARAAgAAMggp1wAAAABABgAFJJBABSMdQAQohIADksIAA5K+gAAkusAAgBdTWFjaW50b3NoIEhEOlVzZXJzOmxlZnR5bm06RGVza3RvcDpSZXNlYXJjaDpQYXBlcnM6UG9zdFByZWxpbTpIeW1hbiAtIDIwMDIgLSBNaW1ldCMzN0Q1OUYucGRmAAAOAJoATABIAHkAbQBhAG4AIAAtACAAMgAwADAAMgAgAC0AIABNAGkAbQBlAHQAaQBjACAARgBpAG4AaQB0AGUAIABEAGkAZgBmAGUAcgBlAG4AYwBlACAATQBlAHQAaABvAGQAcwAgAGYAbwByACAARABpAGYAZgB1AHMAaQBvAG4AIABFAHEAdQBhAHQAaQBvAG4AcwAuAHAAZABmAA8AGgAMAE0AYQBjAGkAbgB0AG8AcwBoACAASABEABIAfVVzZXJzL2xlZnR5bm0vRGVza3RvcC9SZXNlYXJjaC9QYXBlcnMvUG9zdFByZWxpbS9IeW1hbiAtIDIwMDIgLSBNaW1ldGljIEZpbml0ZSBEaWZmZXJlbmNlIE1ldGhvZHMgZm9yIERpZmZ1c2lvbiBFcXVhdGlvbnMucGRmAAATAAEvAAAVAAIADv//AACABdIcHR4fWCRjbGFzc2VzWiRjbGFzc25hbWWjHyAhXU5TTXV0YWJsZURhdGFWTlNEYXRhWE5TT2JqZWN0XxBdLi4vLi4vUG9zdFByZWxpbS9IeW1hbiAtIDIwMDIgLSBNaW1ldGljIEZpbml0ZSBEaWZmZXJlbmNlIE1ldGhvZHMgZm9yIERpZmZ1c2lvbiBFcXVhdGlvbnMucGRm0hwdJCWiJSFcTlNEaWN0aW9uYXJ5EgABhqBfEA9OU0tleWVkQXJjaGl2ZXIACAARABYAHwAoADIANQA6ADwARQBLAFIAXQBlAGwAbwBxAHMAdgB4AHoAfACGAJMAmACgAywDLgMzAzwDRwNLA1kDYANpA8kDzgPRA94D4wAAAAAAAAIBAAAAAAAAACgAAAAAAAAAAAAAAAAAAAP1}}

@article{Hyman2004,
	Abstract = {
We prove that the mimetic finite-difference discretizations of Laplace's equation converges on rough logically-rectangular grids with convex cells. Mimetic discretizations for the invariant operators' divergence, gradient, and curl satisfy exact discrete analogs of many of the important theorems of vector calculus. The mimetic discretization of the Laplacian is given by the composition of the discrete divergence and gradient. We first construct a mimetic discretization on a single cell by geometrically constructing inner products for discrete scalar and vector fields, then constructing a finite-volume discrete divergence, and then constructing a discrete gradient that is consistent with the discrete divergence theorem. This construction is then extended to the global grid. We demonstrate the convergence for the two-dimensional Laplace equation with Dirichlet boundary conditions on grids with a lower bound on the angles in the cell corners and an upper bound on the cell aspect ratios. The best convergence rate to be expected is first order, which is what we prove. The techniques developed apply to far more general initial boundary-value problems.},
	Author = {James M. Hyman and Stanly Steinberg},
	Date-Added = {2010-11-30 16:53:18 -0500},
	Date-Modified = {2010-11-30 16:53:18 -0500},
	Doi = {10.1016/j.camwa.2004.06.008},
	Issn = {0898-1221},
	Journal = {Computers \& Mathematics with Applications},
	Keywords = {Mimetic discretization, Convergence, Finite-volume method},
	Number = {10-11},
	Pages = {1565 - 1610},
	Title = {The Convergence of Mimetic Discretization for Rough Grids},
	Url = {http://www.sciencedirect.com/science/article/B6TYJ-4DV79VF-1N/2/f07298187af1d6de0f108941251ba029},
	Volume = {47},
	Year = {2004},
	Bdsk-File-1 = {YnBsaXN0MDDUAQIDBAUIJidUJHRvcFgkb2JqZWN0c1gkdmVyc2lvblkkYXJjaGl2ZXLRBgdUcm9vdIABqAkKFRYXGyIjVSRudWxs0wsMDQ4RFFpOUy5vYmplY3RzV05TLmtleXNWJGNsYXNzog8QgASABqISE4ACgAOAB1lhbGlhc0RhdGFccmVsYXRpdmVQYXRo0hgNGRpXTlMuZGF0YU8RAogAAAAAAogAAgAADE1hY2ludG9zaCBIRAAAAAAAAAAAAAAAAAAAAMkAL5VIKwAAABSSQR9IeW1hbiAtIDIwMDQgLSBUaGUgQyMxNDkyRTQucGRmAAAAAAAAAAAAAAAAAAAAAAAAAAAAAAAAAAAAAAAAAAAAFJLkyDQTdwAAAAAAAAAAAAIAAgAACSAAAAAAAAAAAAAAAAAAAAAKUG9zdFByZWxpbQAQAAgAAMkAdeUAAAARAAgAAMg0S7cAAAABABgAFJJBABSMdQAQohIADksIAA5K+gAAkusAAgBdTWFjaW50b3NoIEhEOlVzZXJzOmxlZnR5bm06RGVza3RvcDpSZXNlYXJjaDpQYXBlcnM6UG9zdFByZWxpbTpIeW1hbiAtIDIwMDQgLSBUaGUgQyMxNDkyRTQucGRmAAAOAJoATABIAHkAbQBhAG4AIAAtACAAMgAwADAANAAgAC0AIABUAGgAZQAgAEMAbwBuAHYAZQByAGcAZQBuAGMAZQAgAG8AZgAgAE0AaQBtAGUAdABpAGMAIABEAGkAcwBjAHIAZQB0AGkAegBhAHQAaQBvAG4AIABmAG8AcgAgAFIAbwB1AGcAaAAgAEcAcgBpAGQAcwAuAHAAZABmAA8AGgAMAE0AYQBjAGkAbgB0AG8AcwBoACAASABEABIAfVVzZXJzL2xlZnR5bm0vRGVza3RvcC9SZXNlYXJjaC9QYXBlcnMvUG9zdFByZWxpbS9IeW1hbiAtIDIwMDQgLSBUaGUgQ29udmVyZ2VuY2Ugb2YgTWltZXRpYyBEaXNjcmV0aXphdGlvbiBmb3IgUm91Z2ggR3JpZHMucGRmAAATAAEvAAAVAAIADv//AACABdIcHR4fWCRjbGFzc2VzWiRjbGFzc25hbWWjHyAhXU5TTXV0YWJsZURhdGFWTlNEYXRhWE5TT2JqZWN0XxBdLi4vLi4vUG9zdFByZWxpbS9IeW1hbiAtIDIwMDQgLSBUaGUgQ29udmVyZ2VuY2Ugb2YgTWltZXRpYyBEaXNjcmV0aXphdGlvbiBmb3IgUm91Z2ggR3JpZHMucGRm0hwdJCWiJSFcTlNEaWN0aW9uYXJ5EgABhqBfEA9OU0tleWVkQXJjaGl2ZXIACAARABYAHwAoADIANQA6ADwARQBLAFIAXQBlAGwAbwBxAHMAdgB4AHoAfACGAJMAmACgAywDLgMzAzwDRwNLA1kDYANpA8kDzgPRA94D4wAAAAAAAAIBAAAAAAAAACgAAAAAAAAAAAAAAAAAAAP1}}

@article{Hyman1997,
	Abstract = {A new second-order finite-difference algorithm for the numerical solution of diffusion problems in strongly heterogeneous and non- isotropic media is constructed. On problems with rough coefficients or highly nonuniform grids, the new algorithm is superior to all other algorithms we have compared it with. For problems with smooth coefficients on smooth grids, the method is comparable with other second-order methods. The new algorithm is formulated for logically rectangular grids and is derived using the support- operators method. A key idea in deriving the method was to replace the usual inner product of vector functions by an inner product weighted by the inverse of the material properties tensor and to use the flux operator, defined as the material properties tensor times the gradient, rather than the gradient, as one of the basic first-order operators in the support-operators method. The discrete analog of the flux operator must also be the negative adjoint of the discrete divergence, in an inner product that is a discrete analog of the continuum inner product. The resulting method is conservative and the discrete analog of the variable coefficient Laplacian is symmetric and negative definite on nonuniform grids. In addition, on any grid, the discrete divergence is zero on constant vectors, the null space for the gradient is the constant functions, and, when the material properties are piecewise constant, the discrete flux operator is exact for piecewise linear functions. We compare the methods on some of the most difficult examples to be found inthe literature.},
	Author = {James M. Hyman and Mikhail J. Shashkov and Stanly Steinberg},
	Date-Added = {2010-11-30 16:53:18 -0500},
	Date-Modified = {2010-11-30 16:53:18 -0500},
	Journal = {Journal of Computational Physics},
	Month = {September},
	Number = {1},
	Pages = {130-148},
	Publisher = {Academic Press Professional, Inc.},
	Title = {The Numerical Solution of Diffusion Problems in Strongly Heterogeneous Non-Isotropic Materials},
	Volume = {132},
	Year = {1997},
	Bdsk-File-1 = {YnBsaXN0MDDUAQIDBAUIJidUJHRvcFgkb2JqZWN0c1gkdmVyc2lvblkkYXJjaGl2ZXLRBgdUcm9vdIABqAkKFRYXGyIjVSRudWxs0wsMDQ4RFFpOUy5vYmplY3RzV05TLmtleXNWJGNsYXNzog8QgASABqISE4ACgAOAB1lhbGlhc0RhdGFccmVsYXRpdmVQYXRo0hgNGRpXTlMuZGF0YU8RAvYAAAAAAvYAAgAADE1hY2ludG9zaCBIRAAAAAAAAAAAAAAAAAAAAMkAL5VIKwAAABSSQR9IeW1hbiAtIDE5OTYgLSBUaGUgTiMxNDkyQkUucGRmAAAAAAAAAAAAAAAAAAAAAAAAAAAAAAAAAAAAAAAAAAAAFJK+yCxCxAAAAAAAAAAAAAIAAgAACSAAAAAAAAAAAAAAAAAAAAAKUG9zdFByZWxpbQAQAAgAAMkAdeUAAAARAAgAAMgsewQAAAABABgAFJJBABSMdQAQohIADksIAA5K+gAAkusAAgBdTWFjaW50b3NoIEhEOlVzZXJzOmxlZnR5bm06RGVza3RvcDpSZXNlYXJjaDpQYXBlcnM6UG9zdFByZWxpbTpIeW1hbiAtIDE5OTYgLSBUaGUgTiMxNDkyQkUucGRmAAAOAOQAcQBIAHkAbQBhAG4AIAAtACAAMQA5ADkANgAgAC0AIABUAGgAZQAgAE4AdQBtAGUAcgBpAGMAYQBsACAAUwBvAGwAdQB0AGkAbwBuACAAbwBmACAARABpAGYAZgB1AHMAaQBvAG4AIABQAHIAbwBiAGwAZQBtAHMAIABpAG4AIABTAHQAcgBvAG4AZwBsAHkAIABIAGUAdABlAHIAbwBnAGUAbgBlAG8AdQBzACAATgBvAG4ALQBJAHMAbwB0AHIAbwBwAGkAYwAgAE0AYQB0AGUAcgBpAGEAbABzAC4AcABkAGYADwAaAAwATQBhAGMAaQBuAHQAbwBzAGgAIABIAEQAEgCiVXNlcnMvbGVmdHlubS9EZXNrdG9wL1Jlc2VhcmNoL1BhcGVycy9Qb3N0UHJlbGltL0h5bWFuIC0gMTk5NiAtIFRoZSBOdW1lcmljYWwgU29sdXRpb24gb2YgRGlmZnVzaW9uIFByb2JsZW1zIGluIFN0cm9uZ2x5IEhldGVyb2dlbmVvdXMgTm9uLUlzb3Ryb3BpYyBNYXRlcmlhbHMucGRmABMAAS8AABUAAgAO//8AAIAF0hwdHh9YJGNsYXNzZXNaJGNsYXNzbmFtZaMfICFdTlNNdXRhYmxlRGF0YVZOU0RhdGFYTlNPYmplY3RfEIIuLi8uLi9Qb3N0UHJlbGltL0h5bWFuIC0gMTk5NiAtIFRoZSBOdW1lcmljYWwgU29sdXRpb24gb2YgRGlmZnVzaW9uIFByb2JsZW1zIGluIFN0cm9uZ2x5IEhldGVyb2dlbmVvdXMgTm9uLUlzb3Ryb3BpYyBNYXRlcmlhbHMucGRm0hwdJCWiJSFcTlNEaWN0aW9uYXJ5EgABhqBfEA9OU0tleWVkQXJjaGl2ZXIACAARABYAHwAoADIANQA6ADwARQBLAFIAXQBlAGwAbwBxAHMAdgB4AHoAfACGAJMAmACgA5oDnAOhA6oDtQO5A8cDzgPXBFwEYQRkBHEEdgAAAAAAAAIBAAAAAAAAACgAAAAAAAAAAAAAAAAAAASI},
	Bdsk-File-2 = {YnBsaXN0MDDUAQIDBAUIJidUJHRvcFgkb2JqZWN0c1gkdmVyc2lvblkkYXJjaGl2ZXLRBgdUcm9vdIABqAkKFRYXGyIjVSRudWxs0wsMDQ4RFFpOUy5vYmplY3RzV05TLmtleXNWJGNsYXNzog8QgASABqISE4ACgAOAB1lhbGlhc0RhdGFccmVsYXRpdmVQYXRo0hgNGRpXTlMuZGF0YU8RAxoAAAAAAxoAAgAADE1hY2ludG9zaCBIRAAAAAAAAAAAAAAAAAAAAMkAL5VIKwAAABSSQR9IeW1hbiAtIDE5OTYgLSBUaGUgTiMxNDkyOEIucGRmAAAAAAAAAAAAAAAAAAAAAAAAAAAAAAAAAAAAAAAAAAAAFJKLyCWprAAAAAAAAAAAAAIAAgAACSAAAAAAAAAAAAAAAAAAAAAKUG9zdFByZWxpbQAQAAgAAMkAdeUAAAARAAgAAMgl4ewAAAABABgAFJJBABSMdQAQohIADksIAA5K+gAAkusAAgBdTWFjaW50b3NoIEhEOlVzZXJzOmxlZnR5bm06RGVza3RvcDpSZXNlYXJjaDpQYXBlcnM6UG9zdFByZWxpbTpIeW1hbiAtIDE5OTYgLSBUaGUgTiMxNDkyOEIucGRmAAAOAPwAfQBIAHkAbQBhAG4AIAAtACAAMQA5ADkANgAgAC0AIABUAGgAZQAgAE4AdQBtAGUAcgBpAGMAYQBsACAAUwBvAGwAdQB0AGkAbwBuACAAbwBmACAARABpAGYAZgB1AHMAaQBvAG4AIABQAHIAbwBiAGwAZQBtAHMAIABpAG4AIABTAHQAcgBvAG4AZwBsAHkAIABIAGUAdABlAHIAbwBnAGUAbgBlAG8AdQBzACAATgBvAG4ALQBJAHMAbwB0AHIAbwBwAGkAYwAgAE0AYQB0AGUAcgBpAGEAbABzACAAWwBBAGwAdABlAHIAbgBhAHQAZQBdAC4AcABkAGYADwAaAAwATQBhAGMAaQBuAHQAbwBzAGgAIABIAEQAEgCuVXNlcnMvbGVmdHlubS9EZXNrdG9wL1Jlc2VhcmNoL1BhcGVycy9Qb3N0UHJlbGltL0h5bWFuIC0gMTk5NiAtIFRoZSBOdW1lcmljYWwgU29sdXRpb24gb2YgRGlmZnVzaW9uIFByb2JsZW1zIGluIFN0cm9uZ2x5IEhldGVyb2dlbmVvdXMgTm9uLUlzb3Ryb3BpYyBNYXRlcmlhbHMgW0FsdGVybmF0ZV0ucGRmABMAAS8AABUAAgAO//8AAIAF0hwdHh9YJGNsYXNzZXNaJGNsYXNzbmFtZaMfICFdTlNNdXRhYmxlRGF0YVZOU0RhdGFYTlNPYmplY3RfEI4uLi8uLi9Qb3N0UHJlbGltL0h5bWFuIC0gMTk5NiAtIFRoZSBOdW1lcmljYWwgU29sdXRpb24gb2YgRGlmZnVzaW9uIFByb2JsZW1zIGluIFN0cm9uZ2x5IEhldGVyb2dlbmVvdXMgTm9uLUlzb3Ryb3BpYyBNYXRlcmlhbHMgW0FsdGVybmF0ZV0ucGRm0hwdJCWiJSFcTlNEaWN0aW9uYXJ5EgABhqBfEA9OU0tleWVkQXJjaGl2ZXIACAARABYAHwAoADIANQA6ADwARQBLAFIAXQBlAGwAbwBxAHMAdgB4AHoAfACGAJMAmACgA74DwAPFA84D2QPdA+sD8gP7BIwEkQSUBKEEpgAAAAAAAAIBAAAAAAAAACgAAAAAAAAAAAAAAAAAAAS4}}

@techreport{Runnels2006,
	Author = {Scott Runnels and Konstantin Lipnikov and Mikhail Shashkov},
	Date-Added = {2010-11-30 14:01:20 -0500},
	Date-Modified = {2010-11-30 14:06:19 -0500},
	Institution = {Los Alamos National Labs},
	Month = {July},
	Number = {Version 2006-07-17-a},
	Title = {Mathematic and Algorithmic Details for Applying the Local Support Operator Method on Polyhedral Grids},
	Year = {2006},
	Bdsk-File-1 = {YnBsaXN0MDDUAQIDBAUIJidUJHRvcFgkb2JqZWN0c1gkdmVyc2lvblkkYXJjaGl2ZXLRBgdUcm9vdIABqAkKFRYXGyIjVSRudWxs0wsMDQ4RFFpOUy5vYmplY3RzV05TLmtleXNWJGNsYXNzog8QgASABqISE4ACgAOAB1lhbGlhc0RhdGFccmVsYXRpdmVQYXRo0hgNGRpXTlMuZGF0YU8RAgwAAAAAAgwAAgAADE1hY2ludG9zaCBIRAAAAAAAAAAAAAAAAAAAAMkAL5VIKwAAACTClB9SdW5uZWxzIC0gSW4gRGVwdGggUyMyQTJFRjMucGRmAAAAAAAAAAAAAAAAAAAAAAAAAAAAAAAAAAAAAAAAAAAAKi7zyQbtOwAAAAAAAAAAAAIAAgAACSAAAAAAAAAAAAAAAAAAAAAHUnVubmVscwAAEAAIAADJAHXlAAAAEQAIAADJBzOLAAAAAQAYACTClAAUjHUAEKISAA5LCAAOSvoAAJLrAAIAWk1hY2ludG9zaCBIRDpVc2VyczpsZWZ0eW5tOkRlc2t0b3A6UmVzZWFyY2g6UGFwZXJzOlJ1bm5lbHM6UnVubmVscyAtIEluIERlcHRoIFMjMkEyRUYzLnBkZgAOAE4AJgBSAHUAbgBuAGUAbABzACAALQAgAEkAbgAgAEQAZQBwAHQAaAAgAFMATwBNACAATQBhAHQAaABlAG0AYQB0AGkAYwBzAC4AcABkAGYADwAaAAwATQBhAGMAaQBuAHQAbwBzAGgAIABIAEQAEgBUVXNlcnMvbGVmdHlubS9EZXNrdG9wL1Jlc2VhcmNoL1BhcGVycy9SdW5uZWxzL1J1bm5lbHMgLSBJbiBEZXB0aCBTT00gTWF0aGVtYXRpY3MucGRmABMAAS8AABUAAgAO//8AAIAF0hwdHh9YJGNsYXNzZXNaJGNsYXNzbmFtZaMfICFdTlNNdXRhYmxlRGF0YVZOU0RhdGFYTlNPYmplY3RfEDQuLi8uLi9SdW5uZWxzL1J1bm5lbHMgLSBJbiBEZXB0aCBTT00gTWF0aGVtYXRpY3MucGRm0hwdJCWiJSFcTlNEaWN0aW9uYXJ5EgABhqBfEA9OU0tleWVkQXJjaGl2ZXIACAARABYAHwAoADIANQA6ADwARQBLAFIAXQBlAGwAbwBxAHMAdgB4AHoAfACGAJMAmACgArACsgK3AsACywLPAt0C5ALtAyQDKQMsAzkDPgAAAAAAAAIBAAAAAAAAACgAAAAAAAAAAAAAAAAAAANQ}}
